@inproceedings{Silva2018graph,
	title={Graph Databases in Molecular Biology},
	author={Silva, Waldeyr M. C. da and Wercelens, Polyane and Walter, Maria Em{\'\i}lia M. T. and Holanda, Maristela and Br{\'\i}gido, Marcelo},
	booktitle={Brazilian Symposium on Bioinformatics},
	pages={50--57},
	year={2018},
	organization={Springer}
}

@article{Degenhardt2009,
author = {Degenhardt, J{\"{o}}rg and K{\"{o}}llner, Tobias G. and Gershenzon, Jonathan},
journal = {Phytochemistry},
number = {15-16},
pages = {1621--1637},
publisher = {Elsevier Ltd},
title = {{Monoterpene and sesquiterpene synthases and the origin of terpene skeletal diversity in plants}},
volume = {70},
year = {2009}
}